@Misc{std:stcReg,
	year=2018,
	month=Jan,
	url={http://ivoa.net/documents/Notes/Regstc/20180208/NOTE-regstcnote-1.0-20180115.html},
	title={A Roadmap for Space-Time Discovery in the {VO} Registry},
	author={Markus Demleitner},
	howpublished={{IVOA Note, 8 February 2018}}
}

@MISC{pr:VODS12,
   author = {Raymond Plante and Markus Demleitner and Aurélien Stébé and Kevin Benson and Patrick Dowler and Matthew Graham and Gretchen Greene and Paul Harrison and Gerard Lemson and Tony Linde and Guy Rixon},
  	title = {{VODataService}: A {VOResource} Schema Extension for Describing Collections and Services Version 1.2},
    year = 2021,
    month=feb,
    howpublished={{IVOA Proposed Recommendation, 2021-02-23}},
		url={https://ivoa.net/documents/VODataService/20210223/}
}

@misc{data:arigaia,
	author={Gr\'egory Mantelet},
	title={{ARI}'s Gaia {TAP} Service},
	year=2018,
	month=apr,
	howpublished={{VO} service \nolinkurl{ivo://uni-heidelberg.de/gaia/tap}},
	url={https://gaia.ari.uni-heidelberg.de}
}
